<record><leader>00000cas a22000007a 4500</leader><controlfield tag="001">35898399</controlfield><controlfield tag="008">961111c19709999akuzx ne      0    0eng d</controlfield><datafield ind1=" " ind2=" " tag="010"><subfield code="a">sn 96060054 </subfield></datafield><datafield ind1=" " ind2=" " tag="040"><subfield code="a">ANE</subfield><subfield code="b">eng</subfield><subfield code="c">ANE</subfield><subfield code="d">XYZ</subfield><subfield code="d">OCLCQ</subfield><subfield code="d">OCLCO</subfield></datafield><datafield ind1=" " ind2=" " tag="042"><subfield code="a">msc</subfield></datafield><datafield ind1=" " ind2=" " tag="043"><subfield code="a">r------</subfield></datafield><datafield ind1="0" ind2="4" tag="245"><subfield code="a">The ulu news.</subfield></datafield><datafield ind1=" " ind2=" " tag="260"><subfield code="a">Whitehorse, Yukon :</subfield><subfield code="b">Arctic Winter Games Corp.</subfield></datafield><datafield ind1=" " ind2=" " tag="300"><subfield code="a">v.</subfield></datafield><datafield ind1=" " ind2=" " tag="310"><subfield code="a">Irregular</subfield></datafield><datafield ind1="1" ind2=" " tag="362"><subfield code="a">Began in 1970.</subfield></datafield><datafield ind1=" " ind2=" " tag="500"><subfield code="a">Place of publication varies between locations in Alaska and various Canadian provinces.</subfield></datafield><datafield ind1=" " ind2=" " tag="515"><subfield code="a">Produced daily during the biennial Arctic Winter Games.</subfield></datafield><datafield ind1=" " ind2=" " tag="588"><subfield code="a">Description based on: Vol. 1, no. 1 (Mar. 5, 1972).</subfield></datafield><datafield ind1=" " ind2="0" tag="650"><subfield code="a">Sports</subfield><subfield code="z">Arctic regions</subfield><subfield code="v">Periodicals.</subfield></datafield><datafield ind1=" " ind2="0" tag="650"><subfield code="a">Winter sports</subfield><subfield code="x">Competitions</subfield><subfield code="z">Arctic regions</subfield><subfield code="v">Periodicals.</subfield></datafield><datafield ind1="2" ind2=" " tag="710"><subfield code="a">Arctic Winter Games Corporation.</subfield></datafield></record>